@book{Anderson2008sea,
  author={Anderson, Ross J.},
  title={Security Engineering},
  subtitle={A guide to building dependable distributed systems},
  publisher={Wiley},
  address={Indianapolis, IN},
  year={2008},
  edition={2},
  ISBN={978-0-470-06852-6 (hbk.)},
  URL={http://www.cl.cam.ac.uk/~rja14/book.html},
  keywords={IT-s{\"a}kerhet},
}
@book{Gollmann2011cs,
  author={Gollmann, Dieter},
  title={Computer Security},
  publisher={Wiley},
  address={Chichester, West Sussex, U.K.},
  year={2011},
  edition={3},
  ISBN={9780470741153 (pbk.)},
  keywords={IT-s{\"a}kerhet},
}
@misc{assembly,
  author={Bryant, Randal E.~and O'Hallaron, David R.},
  title={x86-64 Machine-Level Programming},
  month={9},
  year={2005},
  URL={https://www.cs.cmu.edu/~fp/courses/15213-s07/misc/asm64-handout.pdf},
}

@article{thompson1984reflections,
  title={Reflections on trusting trust},
  author={Thompson, Ken},
  journal={Communications of the ACM},
  volume={27},
  number={8},
  pages={761--763},
  year={1984},
  publisher={ACM},
  URL={http://dl.acm.org/citation.cfm?id=358210},
}
